@article{1634,
author = {Allou, Kouassi and Morin, Jean-Paul and Kouassi, Philippe and Fran},
file = {:home/aubreymoore/.local/share/data/Mendeley Ltd./Mendeley Desktop/Downloaded/Allou et al. - 2006 - Oryctes monoceros trapping with synthetic pheromone and palm material in Ivory Coast.pdf:pdf},
journal = {Journal of Chemical Ecology},
keywords = {coconut rhinoceros beetle and oryctes rhinoceros},
pages = {1743--1754},
title = {{Oryctes monoceros trapping with synthetic pheromone and palm material in Ivory Coast}},
url = {http://www.guaminsects.net/CRB/docs/Allou 2006 Oryctes monoceros trapping with synthetic pheromone and palm material in Ivory Coast�.pdf},
volume = {32},
year = {2006}
}
@article{Bedford1980,
author = {Bedford, Geoffrey O},
file = {:home/aubreymoore/.local/share/data/Mendeley Ltd./Mendeley Desktop/Downloaded/Bedford - 1980 - Biology, ecology, and control of palm rhinoceros beetles.pdf:pdf},
journal = {Annual Review of Entomology},
pages = {309--339},
title = {{BIOLOGY , ECOLOGY , AND CONTROL OF PALM RHINOCEROS BEETLES}},
volume = {25},
year = {1980}
}
@article{1636,
author = {Bedford, Geoffrey O},
file = {:home/aubreymoore/.local/share/data/Mendeley Ltd./Mendeley Desktop/Downloaded/Bedford - 1975 - Trap catches of the coconut rhinoceros beetle Oryctes rhinoceros (L.) (Coleoptera, Scarabaeidae, Dynastinae) in New Bri.pdf:pdf},
journal = {Bulletin of Entomological Research},
pages = {443--451},
title = {{Trap catches of the coconut rhinoceros beetle Oryctes rhinoceros (L.) (Coleoptera, Scarabaeidae, Dynastinae) in New Britain}},
url = {http://www.guaminsects.net/CRB/docs/Bedford 1975 Trap catches of the coconut rhinoceros beetle Oryctes rhinoceros.pdf},
volume = {65},
year = {1975}
}
@article{Darus,
author = {Darus, Ariffin and Wahid, Mohd Basri},
file = {:home/aubreymoore/.local/share/data/Mendeley Ltd./Mendeley Desktop/Downloaded/Darus, Wahid - Unknown - Intensive IPM for management of oil palm pests.pdf:pdf},
journal = {Oil Palm Bulletin},
pages = {1--14},
title = {{Intensive IPM for management of oil palm pests}},
volume = {41}
}
@article{Davidson1972,
author = {Davidson, R L and Wiseman, J R and Wolfe, V J and Journal, The and Dec, No},
file = {:home/aubreymoore/.local/share/data/Mendeley Ltd./Mendeley Desktop/Downloaded/Davidson et al. - 1972 - Environmental Stress in the Pasture Scarab Sericesthis nigrolineata Boisd . I . Mortality in Larvae Caused by H.pdf:pdf},
number = {3},
pages = {783--797},
title = {{Environmental Stress in the Pasture Scarab Sericesthis nigrolineata Boisd . I . Mortality in Larvae Caused by High Temperature ENVIRONMENTAL STRESS IN THE PASTURE SCARAB}},
volume = {9},
year = {1972}
}
@article{Dhondt:August1976:0022-0493:427,
abstract = {Methoprene, hydroprene, and 1-(<I>p</I>-chlorophenoxy)-7,8- epoxy-4,8-dimethyl-3-decene
were effective juvenile hormone mimics in tests against pupae of
<I>Oryctes rhinoceros</I> (L.) .},
author = {Dhondt, Andre A and Mcgovern, T P and Beroza, Morton},
file = {:home/aubreymoore/.local/share/data/Mendeley Ltd./Mendeley Desktop/Downloaded/Dhondt, Mcgovern, Beroza - Unknown - Effect of Juvenile Hormone Mimics on the Coconut Rhinoceros Beetle.pdf:pdf},
journal = {Journal of Economic Entomology},
pages = {427--428(2)},
title = {{Effect of Juvenile Hormone Mimics on the Coconut Rhinoceros Beetle}},
url = {http://www.ingentaconnect.com/content/esa/jee/1976/00000069/00000004/art00002},
volume = {69}
}
@article{Doane1913a,
author = {Doane, R W},
doi = {10.1126/science.38.990.883},
file = {:home/aubreymoore/.local/share/data/Mendeley Ltd./Mendeley Desktop/Downloaded/Doane - 1913 - How Oryctes Rhinoceros, a Dynastid Beetle, Uses Its Horn.pdf:pdf},
issn = {0036-8075},
journal = {Science (New York, N.Y.)},
month = dec,
number = {990},
pages = {883},
pmid = {17752421},
title = {{How Oryctes Rhinoceros, a Dynastid Beetle, Uses Its Horn.}},
url = {http://www.ncbi.nlm.nih.gov/pubmed/17752421},
volume = {38},
year = {1913}
}
@article{Dolinski2007,
author = {Dolinski, Claudia and Lacey, Lawrence A},
file = {:home/aubreymoore/.local/share/data/Mendeley Ltd./Mendeley Desktop/Downloaded/Dolinski, Lacey - 2007 - Microbial control of arthropod pests of tropical tree fruits.pdf:pdf},
journal = {Neotropical Entomology},
number = {2},
pages = {161--179},
title = {{Microbial control of arthropod pests of tropical tree fruits}},
url = {http://www.scielo.br/pdf/ne/v36n2/a01v36n2.pdf},
volume = {36},
year = {2007}
}
@article{1639,
author = {Fee, Chung Gait},
file = {:home/aubreymoore/.local/share/data/Mendeley Ltd./Mendeley Desktop/Downloaded/Fee - 1997 - The bioefficacy of the aggregation pheromone in mass trapping of rhinoceros beetles (Oryctes rhinoceros L.) in Malaysia.pdf:pdf},
journal = {The Planter},
number = {852},
pages = {119--127},
title = {{The bioefficacy of the aggregation pheromone in mass trapping of rhinoceros beetles (Oryctes rhinoceros L.) in Malasia}},
url = {http://www.guaminsects.net/CRB/docs/Fee 1997 aggregation pheromone in mass trapping of rhinoceros beetles.pdf},
volume = {73},
year = {1997}
}
@article{Ferguson2008,
author = {Ferguson, Denzel E and Land, James D},
file = {:home/aubreymoore/.local/share/data/Mendeley Ltd./Mendeley Desktop/Downloaded/Ferguson, Land - 2008 - Some Temperature Studies on the Beetle , Popilius Disjunctus.pdf:pdf},
number = {1},
pages = {195--197},
title = {{Some Temperature Studies on the Beetle , Popilius Disjunctus}},
volume = {42},
year = {2008}
}
@article{1641,
author = {Gopal, Murali and Gupta, Alka and Thomas, George V},
file = {:home/aubreymoore/.local/share/data/Mendeley Ltd./Mendeley Desktop/Downloaded/Gopal, Gupta, Thomas - 2002 - Microbial pathogens of the coconut pest Oryctes rhinoceros influence of weather factors on their infectivi.pdf:pdf},
journal = {World Journal of Microbiology and Biotechnology},
pages = {417--421},
title = {{Microbial pathogens of the coconut pest Oryctes rhinoceros: influence of weather factors on their infectivity and study of their coincidental ecology in Kerala, India}},
url = {http://www.guaminsects.net/CRB/docs/Gopal 2002 pathogens Oryctes weather.pdf},
volume = {18},
year = {2002}
}
@article{1640,
author = {Gopal, Murali and Gupta, Alka and Thomas, George V},
file = {:home/aubreymoore/.local/share/data/Mendeley Ltd./Mendeley Desktop/Downloaded/Gopal, Gupta, Thomas - 2006 - Prospects of using Metarhizium anisopliae to check the breeding of insect pest, Oryctes rhinoceros L. in c.pdf:pdf},
journal = {Bioresource Technology},
pages = {1801--1806},
title = {{Prospects of using Metarhizium anisopliae to check the breeding of insect pest, Oryctes rhinoceros L. in coconut leaf vermicomposting sites}},
url = {http://www.guaminsects.net/CRB/docs/Gopal 2006 using Metarhizium anisopliae to check the breeding of insect pest, Oryctes rhinoceros L. in coconut leaf vermicomposting sites�.pdf},
volume = {97},
year = {2006}
}
@article{1642,
author = {Gorick, B D},
file = {:home/aubreymoore/.local/share/data/Mendeley Ltd./Mendeley Desktop/Downloaded/Gorick - 1980 - Release and establishment of the baculovirus disease of Oryctes rhinoceros (L.) (Coleoptera Scarabaeidae) in Papua New G.pdf:pdf},
journal = {Bulletin of Entomological Research},
pages = {445--453},
title = {{Release and establishment of the baculovirus disease of Oryctes rhinoceros (L.) (Coleoptera: Scarabaeidae) in Papua New Guinea}},
url = {http://www.guaminsects.net/CRB/docs/Gorick 1980 Release and establishment of the baculovirus disease of Oryctes rhinoceros.pdf},
volume = {70},
year = {1980}
}
@techreport{Gressitt1953,
address = {Honolulu},
author = {Gressitt, Linsley J},
file = {:home/aubreymoore/.local/share/data/Mendeley Ltd./Mendeley Desktop/Downloaded/Gressitt - 1953 - The coconut rhinoceros beetle (Oryctes rhinoceros) with particular reference to the Palau Islands.pdf:pdf},
institution = {Bernice P. Bishop Museum},
pages = {1--83},
title = {{The coconut rhinoceros beetle (Oryctes rhinoceros) with particular reference to the Palau Islands}},
year = {1953}
}
@article{1643,
author = {Gries, G and Gries, R and Perez, A L and Oehlschlager, A C and Gonzales, L M and {H. D. Pierce}, Jr and Zebeyou, M and Kouame, B and Naturforsch, Z},
file = {:home/aubreymoore/.local/share/data/Mendeley Ltd./Mendeley Desktop/Downloaded/Gries et al. - 1994 - Aggregation pheromone of the African rhinoceros beetle, Oryctes monoceros (Olivier) (Coleoptera Scarabaeidae).pdf:pdf},
journal = {Zeitschrift f},
number = {5-6},
pages = {363--366},
title = {{Aggregation pheromone of the African rhinoceros beetle, Oryctes monoceros (Olivier) (Coleoptera: Scarabaeidae)}},
url = {http://www.guaminsects.net/CRB/docs/Gries 1994 aggregation pheromone African rhinoceros beetle.pdf},
volume = {49},
year = {1994}
}
@article{1644,
author = {Hallett, Rebecca H},
file = {:home/aubreymoore/.local/share/data/Mendeley Ltd./Mendeley Desktop/Downloaded/Hallett - 1999 - Pheromone Trapping Protocols for the Asian Palm Weevil, Rhynchophorus ferrugineus (Coleoptera Curculionidae).pdf:pdf},
journal = {International Journal of Pest Management},
pages = {231--237},
title = {{Pheromone Trapping Protocols for the Asian Palm Weevil, Rhynchophorus ferrugineus (Coleoptera: Curculionidae)}},
url = {http://www.guaminsects.net/CRB/docs/Hallett 1999 Pheromone trapping protocols for the Asian palm weevil, Rhynchophorus ferrugineus.pdf},
year = {1999}
}
@misc{Hallett1995,
author = {Hallett, Rebecca H and Perez, A L and Gries, G and Gries, R and {H. D. Pierce}, Jr and Yue, Junming and Oehlschlager, A C and Gonzales, L M and Borden, John H.},
file = {:home/aubreymoore/.local/share/data/Mendeley Ltd./Mendeley Desktop/Downloaded/Hallett et al. - 1995 - Hallett 1995 aggregation pheromone coconut rhinoceros beetle oryctes.pdf.pdf:pdf},
pages = {1549--1570},
title = {{Hallett 1995 aggregation pheromone coconut rhinoceros beetle oryctes.pdf}},
year = {1995}
}
@article{Hassan1975,
author = {Hassan, S T and Journal, The and Dec, No},
file = {:home/aubreymoore/.local/share/data/Mendeley Ltd./Mendeley Desktop/Downloaded/Hassan - 1975 - Effects of high temperature and soil moisture on survival of first-instar larvae of the scarab Anoplognathus porosus ( D.pdf:pdf},
number = {3},
pages = {749--754},
title = {{Effects of High Temperature and Soil Moisture on Survival of First-Instar Larvae of the Scarab Anoplognathus porosus ( Dalman ) ( Coleoptera ) EFFECTS OF HIGH TEMPERATURE AND SOIL MOISTURE ON SURVIVAL OF FIRST-INSTAR LARVAE OF THE SCARAB ANOPLOGNATHUS POR}},
volume = {12},
year = {1975}
}
@article{1645,
author = {Hinckley, A Dexter},
file = {:home/aubreymoore/.local/share/data/Mendeley Ltd./Mendeley Desktop/Downloaded/Hinckley - 1973 - Ecology of the Coconut Rhinoceros Beetle, Oryctes rhinoceros (L.) (Coleoptera Dynastidae).pdf:pdf},
journal = {Biotropica},
pages = {111--116},
title = {{Ecology of the Coconut Rhinoceros Beetle, Oryctes rhinoceros (L.) (Coleoptera: Dynastidae)}},
url = {http://www.guaminsects.net/CRB/docs/Hinckley 1973 Ecology of CRB.pdf},
volume = {5},
year = {1973}
}
@article{Hinckley1967,
author = {Hinckley, Alden D},
journal = {Pacific Insects},
number = {3},
pages = {505--511},
title = {{Associates of the coconut rhinoceros beetle in Western Samoa}},
url = {http://hbs.bishopmuseum.org/pi/pdf/9(3)-505.pdf},
volume = {9},
year = {1967}
}
@article{Howard2001,
author = {Howard, Forrest W},
file = {:home/aubreymoore/.local/share/data/Mendeley Ltd./Mendeley Desktop/Downloaded/Howard - 2001 - Insect pests of palms and their control.pdf:pdf},
journal = {Pesticide Outlook},
pages = {240--243},
title = {{Insect pests of palms and their control}},
volume = {December 2},
year = {2001}
}
@article{1647,
author = {Huger, Alois M},
file = {:home/aubreymoore/.local/share/data/Mendeley Ltd./Mendeley Desktop/Downloaded/Huger - 2005 - The Oryctes virus Its detection, identification, and implementation in biological control of the coconut palm rhinoceros.pdf:pdf},
journal = {Journal of Invertebrate Pathology},
pages = {78--84},
title = {{The Oryctes virus: Its detection, identiWcation, and implementation in biological control of the coconut palm rhinoceros beetle, Oryctes rhinoceros (Coleoptera: Scarabaeidae)}},
url = {http://www.guaminsects.net/CRB/docs/Huger 2005 The Oryctes virus- Its detection, identification, and implementation in biological control of the coconut palm rhinoceros beetle.pdf},
volume = {89},
year = {2005}
}
@article{Jackson2006,
author = {Jackson, Trevor A and Klein, Michael G.},
file = {:home/aubreymoore/.local/share/data/Mendeley Ltd./Mendeley Desktop/Downloaded/Jackson, Klein - 2006 - Scarabs as pests a continuing problem.pdf:pdf},
journal = {Coleopterists Socity Monographs},
number = {5},
pages = {102--119},
title = {{Scarabs as pests: a continuing problem}},
year = {2006}
}
@article{Jacob1989,
author = {Jacob, M},
journal = {Current Science},
pages = {469--471},
title = {{Influence of methoprene on the male reproductive system of Oryctes rhinoceros (Coleoptera: Scarabaeidae)}},
volume = {58},
year = {1989}
}
@article{Julia1976,
author = {Julia, J F and Mariau, D},
file = {:home/aubreymoore/.local/share/data/Mendeley Ltd./Mendeley Desktop/Downloaded/Julia, Mariau - 1976 - Resrearch on Oryctes monoceros Ol. in Ivory Coast III. Olfactory trapping with ethyl chrysanthemate.pdf:pdf},
journal = {Oleagineux},
number = {6},
pages = {263--272},
title = {{Resrearch on Oryctes monoceros Ol. in Ivory Coast III. Olfactory trapping with ethyl chrysanthemate}},
volume = {31},
year = {1976}
}
@article{Kalidas2004,
author = {Kalidas, P},
file = {:home/aubreymoore/.local/share/data/Mendeley Ltd./Mendeley Desktop/Downloaded/Kalidas - 2004 - Effect of abiotic factors on the efficiency of rhinoceros beetle pheromone, Oryctalure, in the oil palm growing areas o.pdf:pdf},
journal = {The Planter},
number = {935},
title = {{Effect of abiotic factors on the efficiency of rhinoceros beetle pheromone, Oryctalure, in the oil palm growing areas of Andhra Pradesh}},
volume = {80},
year = {2004}
}
@article{Kamarudin2004a,
author = {Kamarudin, Norman and Washid, Mohd B},
file = {:home/aubreymoore/.local/share/data/Mendeley Ltd./Mendeley Desktop/Downloaded/Kamarudin, Washid - 2004 - Immigration and activity of textit\{Oryctes rhinoceros\} within a small oil palm replanting area.pdf:pdf},
journal = {Journal of Oil Palm Research},
number = {2},
pages = {64\{$\backslash$textendash\}77},
title = {{Immigration and activity of $\backslash$textit\{Oryctes rhinoceros\} within a small oil palm replanting area}},
url = {http://palmoilis.mpob.gov.my/publications/joprv16n2-norman.pdf},
volume = {16},
year = {2004}
}
@article{1652,
author = {Leal, Walter Soares},
file = {:home/aubreymoore/.local/share/data/Mendeley Ltd./Mendeley Desktop/Downloaded/Leal - 1998 - Chemical Ecology of Phytophagous Scarab Beetles.pdf:pdf},
journal = {Annual Reviews Entomology},
pages = {39--61},
title = {{Chemical Ecology of Phytophagous Scarab Beetles}},
url = {http://www.guaminsects.net/CRB/docs/Leal 1998 chem ecol phytophagous scarab beetles.pdf},
volume = {43},
year = {1998}
}
@techreport{Lewis,
author = {Lewis, Phillip A.},
file = {:home/aubreymoore/.local/share/data/Mendeley Ltd./Mendeley Desktop/Downloaded/Lewis - Unknown - Insights from Applying Systemic Pesticide to Trees for APHIS Asian Longhorned Beetle.pdf:pdf},
title = {{Insights from Applying Systemic Pesticide to Trees for APHIS Asian Longhorned Beetle}}
}
@article{Mankin2010,
author = {Mankin, R W and Moore, A},
doi = {doi:10.1603/EC09214},
journal = {Journal of Economic Entomology},
number = {4},
pages = {1135--1143},
title = {{Acoustic Detection of $\backslash$textit\{Oryctes rhinoceros\} (Coleoptera: Scarabaeidae: Dynastinae) and $\backslash$textit\{Nasutitermes luzonicus\} (Isoptera: Termitidae) in Palm Trees in Urban Guam}},
url = {http://www.ingentaconnect.com/content/esa/jee/2010/00000103/00000004/art00014},
volume = {103},
year = {2010}
}
@article{Mini1990a,
author = {Mini, A and Prabhu, V K K},
file = {:home/aubreymoore/.local/share/data/Mendeley Ltd./Mendeley Desktop/Downloaded/Mini, Prabhu - 1990 - Stridulation in the coconut rhinoceros beetle textit\{Oryctes rhinoceros\} (Coleoptera Scarabaeidae).pdf:pdf},
journal = {Proceedings of the Indian Academy of Sciences},
number = {6},
pages = {447\{$\backslash$textendash\}455},
title = {{Stridulation in the coconut rhinoceros beetle $\backslash$textit\{Oryctes rhinoceros\} (Coleoptera: Scarabaeidae)}},
url = {http://www.guaminsects.net/doc/oryctes/Mini\{\&\}Prabhu1990.pdf},
volume = {99},
year = {1990}
}
@unpublished{Moore2012b,
author = {Moore, Aubrey},
file = {::},
pages = {1--6},
title = {{Research in Support of the Guam Coconut Rhinoceros Beetle Eradication Project: Field Cage Experiment: New Lure vs Depleted Lure Prepared by}},
year = {2012}
}
@techreport{Moore2011,
author = {Moore, Aubrey},
file = {::},
pages = {1--5},
title = {{Research in Support of the Guam Coconut Rhinoceros Beetle Eradication Project: RB-SPLAT-Cypermethrin Attracticide Large Field Cage Experiment 2}},
year = {2011}
}
@unpublished{Moore2012,
author = {Moore, Aubrey},
file = {::},
pages = {1--5},
title = {{Research in Support of the Guam Coconut Rhinoceros Beetle Eradication Project: Preliminary Bioassay of Virus from Fiji}},
year = {2012}
}
@techreport{NAFUS1997,
author = {NAFUS, DONALD M},
file = {:home/aubreymoore/.local/share/data/Mendeley Ltd./Mendeley Desktop/Downloaded/NAFUS - 1997 - An insect survey of the Federated States of Micronesia and Palau, SPC Tech. Paper 210.pdf:pdf},
number = {210},
title = {{An insect survey of the Federated States of Micronesia and Palau, SPC Tech. Paper 210}},
year = {1997}
}
@article{Oehlschlager2005,
author = {Oehlschlager, A C},
file = {:home/aubreymoore/.local/share/data/Mendeley Ltd./Mendeley Desktop/Downloaded/Oehlschlager - 2005 - Current status of trapping palm weevils and beetles.pdf:pdf},
journal = {The Planter},
pages = {123--141},
title = {{Current status of trapping palm weevils and beetles}},
volume = {81},
year = {2005}
}
@article{Ragoussis2007,
abstract = {(+/-)-4-Methyloctanoic acid and its ethyl ester are aggregation pheromones of many rhinoceros beetles of the genus Oryctes and are investigated for the control of these pests by olfactory trapping. A simple, economical, and high-yield (>50\%) synthesis of (+/-)-4-methyloctanoic acid and its ethyl ester is presented starting from n-hexanal. The key step in this sequence is an orthoester Claisen rearrangement for the elongation of the carbon chain by two.},
author = {Ragoussis, Valentine and Giannikopoulos, Alexandros and Skoka, Efthymia and Grivas, Panagiotis},
doi = {10.1021/jf0704662},
file = {:home/aubreymoore/.local/share/data/Mendeley Ltd./Mendeley Desktop/Downloaded/Ragoussis et al. - 2007 - Efficient synthesis of (-)-4-methyloctanoic acid, aggregation pheromone of rhinoceros beetles of the genus Ory.pdf:pdf},
issn = {0021-8561},
journal = {Journal of agricultural and food chemistry},
keywords = {Aldehydes,Aldehydes: chemistry,Animals,Beetles,Caprylates,Caprylates: chemical synthesis,Octanoic Acids,Octanoic Acids: chemical synthesis,Pheromones,Pheromones: chemical synthesis},
month = jun,
number = {13},
pages = {5050--2},
pmid = {17530861},
title = {{Efficient synthesis of (+/-)-4-methyloctanoic acid, aggregation pheromone of rhinoceros beetles of the genus Oryctes (Coleoptera: Dynastidae, Scarabaeidae).}},
url = {http://www.ncbi.nlm.nih.gov/pubmed/17530861},
volume = {55},
year = {2007}
}
@article{Ramle2005,
author = {Ramle},
file = {:home/aubreymoore/.local/share/data/Mendeley Ltd./Mendeley Desktop/Downloaded/Ramle - 2005 - Incidence and use of Oryctes virus for control of rhinoceros beetle in oil palm plantations in Malaysia.pdf:pdf},
title = {{Incidence and use of Oryctes virus for control of rhinoceros beetle in oil palm plantations in Malaysia}},
year = {2005}
}
@article{Said2005,
author = {Sa\"{\i}d, Imen and Torre, Rosa Aldana De La and Morin, Jean-Paul and Rochat, Didier},
doi = {10.1007/s00049-005-0320-x},
file = {:home/aubreymoore/.local/share/data/Mendeley Ltd./Mendeley Desktop/Downloaded/Sa\"{\i}d et al. - 2005 - Adaptation of a four-arm olfactometer for behavioural bioassays of large beetles.pdf:pdf},
issn = {0937-7409},
journal = {Chemoecology},
keywords = {aggregation pheromone,coleoptera,curculionidae,four-arm olfactometer,oryctes rhinoceros,palm beetles,palmarum,rhynchophorus,scarabaeidae,strategus aloeus,system,volatile delivery},
month = oct,
number = {1},
pages = {9--16},
title = {{Adaptation of a four-arm olfactometer for behavioural bioassays of large beetles}},
url = {http://www.springerlink.com/index/10.1007/s00049-005-0320-x},
volume = {16},
year = {2005}
}
@article{ShyamPrasad2008,
author = {{Shyam Prasad}, G. and Jayakumar, V. and Ranganath, H.R. and Bhagwat, V.R.},
doi = {10.1016/j.cropro.2007.11.017},
file = {:home/aubreymoore/.local/share/data/Mendeley Ltd./Mendeley Desktop/Downloaded/Shyam Prasad et al. - 2008 - Bio-suppression of coconut rhinoceros beetle, Oryctes rhinoceros L. (Coleoptera Scarabaeidae) by Oryctes ba.pdf:pdf},
issn = {02612194},
journal = {Crop Protection},
month = jun,
number = {6},
pages = {959--964},
title = {{Bio-suppression of coconut rhinoceros beetle, Oryctes rhinoceros L. (Coleoptera: Scarabaeidae) by Oryctes baculovirus (Kerala isolate) in South Andaman, India}},
url = {http://linkinghub.elsevier.com/retrieve/pii/S0261219407003195},
volume = {27},
year = {2008}
}
@article{VanderMeer1975,
author = {{Vander Meer}, R K and Mclean, J A},
file = {:home/aubreymoore/.local/share/data/Mendeley Ltd./Mendeley Desktop/Downloaded/Vander Meer, Mclean - 1975 - Indirect Methods of Determining the Emergent Weight of Oryctes rhinoceros (L.).pdf:pdf},
journal = {Annals of the Entomological Society of America},
number = {5},
pages = {867--868},
title = {{Indirect Methods of Determining the Emergent Weight of Oryctes rhinoceros (L.) 1}},
volume = {68},
year = {1975}
}
@article{VanderMeer1987,
author = {{Vander Meer}, Robert K},
file = {:home/aubreymoore/.local/share/data/Mendeley Ltd./Mendeley Desktop/Downloaded/Vander Meer - 1987 - Per cent emergent weight a roadmap to adult rhinoceros beetle, Oryctes rhinoceros, behaviour.pdf:pdf},
journal = {Journal of Insect Physiology},
number = {6},
pages = {437--441},
title = {{Per cent emergent weight: a roadmap to adult rhinoceros beetle, Oryctes rhinoceros, behaviour}},
volume = {33},
year = {1987}
}
@article{VanderMeer1979,
author = {{Vander Meer}, Robert K and Ghatak, Usha R and Alam, Shaikh Khairul and Chakraborti, Prabir C},
file = {:home/aubreymoore/.local/share/data/Mendeley Ltd./Mendeley Desktop/Downloaded/Vander Meer et al. - 1979 - (-)-Des-N-Morphinan a unique bridged hydrocarbon attractant for the rhinoceros beetle, Oryctes rhinoceros, a.pdf:pdf},
journal = {Environmental Entomology},
number = {1},
pages = {6--10},
title = {{(+-)-Des-N-Morphinan: a unique bridged hydrocarbon attractant for the rhinoceros beetle, Oryctes rhinoceros, and development of an olfactometer}},
volume = {8},
year = {1979}
}
@article{Wang2005,
author = {Wang, Baode and Gao, Ruitong and Mastro, Victor C and Reardon, Richard C},
file = {:home/aubreymoore/.local/share/data/Mendeley Ltd./Mendeley Desktop/Downloaded/Wang et al. - 2005 - Toxicity of four systemic neonicotinoids to adults of textit\{Anoplophora glabripennis\} (Coleoptera Cerambycidae).pdf:pdf},
journal = {Journal of Economic Entomology},
number = {6},
pages = {2292\{$\backslash$textendash\}2300},
title = {{Toxicity of four systemic neonicotinoids to adults of $\backslash$textit\{Anoplophora glabripennis\} (Coleoptera: Cerambycidae)}},
url = {http://www.guaminsects.net/doc/oryctes/wang et al 2005 neonicitinoids for ALB.pdf},
volume = {98},
year = {2005}
}
@article{Zelazny1991,
author = {Zelazny, B. and Alfiler, A. R.},
file = {:home/aubreymoore/.local/share/data/Mendeley Ltd./Mendeley Desktop/Downloaded/Zelazny, Alfiler - 1991 - Ecology of baculovirus-infected and healthy adults of Oryctes rhinoceros (Coleoptera Scarabeidae) on coconut p.pdf:pdf},
journal = {Ecological Entomology},
pages = {253--259},
title = {{Ecology of baculovirus-infected and healthy adults of Oryctes rhinoceros (Coleoptera: Scarabeidae) on coconut palms in the Philippines}},
volume = {16},
year = {1991}
}
@article{Zelazny1987,
author = {Zelazny, B. and Alfiler, A. R.},
file = {:home/aubreymoore/.local/share/data/Mendeley Ltd./Mendeley Desktop/Downloaded/Zelazny, Alfiler - 1987 - Ecological methods for adult populations of Oryctes rhinoceros (Coleoptera, Scarabaeidae).pdf:pdf},
journal = {Ecological Entomology},
pages = {227--238},
title = {{Ecological methods for adult populations of Oryctes rhinoceros (Coleoptera, Scarabaeidae)}},
volume = {12},
year = {1987}
}
