@article{liebhold2008population,
  title={Population Ecology of Insect Invasions and Their Management*},
  author={Liebhold, Andrew M and Tobin, Patrick C},
  journal={Annu. Rev. Entomol.},
  volume={53},
  pages={387--408},
  year={2008},
  publisher={Annual Reviews},
  url = {http://izt.ciens.ucv.ve/ecologia/Archivos/ECO_POB%202008/ECOPO4_2008/Liebhold%20y%20Tobin%202008.pdf}
}
@article {popham1958insect,
	title = {Insect eradication programs},
	journal = {Annual review of entomology},
	volume = {3},
	number = {1},
	year = {1958},
	pages = {335{\textendash}354},
	publisher = {Annual Reviews 4139 El Camino Way, PO Box 10139, Palo Alto, CA 94303-0139, USA},
	url = {http://b3.net.nz/gerda/refs/21.pdf},
	author = {Popham, WL and Hall, David G}
}
@article{hull1952mosquito,
  title={Mosquito survey of Guam.},
  author={Hull, WB},
  journal={United States Armed Forces medical journal},
  volume={3},
  number={9},
  pages={1287--1295},
  year={1952},
  url={http://www.mosquitocatalog.org/files/pdfs/F063690-0.pdf},
  note={}
}
@article{vreysen2000glossina,
  title={Glossina austeni (Diptera: Glossinidae) eradicated on the island of Unguja, Zanzibar, using the sterile insect technique},
  author={Vreysen, Marc JB and Saleh, Khalfan M and Ali, Mashavu Y and Abdulla, Abdulla M and Zhu, Zeng-Rong and Juma, Kassim G and Dyck, V Arnold and Msangi, Atway R and Mkonyi, Paul A and Feldmann, H Udo},
  journal={Journal of Economic Entomology},
  volume={93},
  number={1},
  pages={123--135},
  year={2000},
  publisher={The Oxford University Press},
  note={tetse fly, pyrethroids and SIR}
}
@article{simberloff2002today,
  title={Today Tiritiri Matangi, tomorrow the world! Are we aiming too low in invasives control},
  author={Simberloff, Daniel},
  journal={Turning the tide: the eradication of invasive species},
  pages={4--12},
  year={2002},
  publisher={IUCN SSC Invasive Species Specialist Group. IUCN Gland, Switzerland and Cambridge, UK},
  url={http://www.google.com/url?sa=t&rct=j&q=&esrc=s&source=web&cd=1&cad=rja&uact=8&ved=0CB0QFjAA&url=http%3A%2F%2Fwww.issg.org%2Fdatabase%2Fspecies%2Freference_files%2FTurTid%2FSimberloff%2520Keynote.pdf&ei=UqP8VPbbLcj3oASx2YDACg&usg=AFQjCNG2ZFFOIgd7i7lgPlhzIb0VwKHqtQ&sig2=HTVn3O5AyB2RHVri58wTJA&bvm=bv.87611401,d.cGU}
}
@article{Comtet2015,
year={2015},
issn={1387-3547},
journal={Biological Invasions},
volume={17},
number={3},
doi={10.1007/s10530-015-0854-y},
title={DNA (meta)barcoding of biological invasions: a powerful tool to elucidate invasion processes and help managing aliens},
url={http://dx.doi.org/10.1007/s10530-015-0854-y},
publisher={Springer International Publishing},
keywords={DNA barcoding; DNA metabarcoding; Alien species; Early warning; Environmental DNA; Next generation sequencing; High throughput sequencing},
author={Comtet, Thierry and Sandionigi, Anna and Viard, Frédérique and Casiraghi, Maurizio},
pages={905-922},
language={English}
}
@article{Richmond2015,
year={2015},
issn={1387-3547},
journal={Biological Invasions},
volume={17},
number={1},
doi={10.1007/s10530-014-0733-y},
title={Testing for multiple invasion routes and source populations for the invasive brown treesnake (Boiga irregularis) on Guam: implications for pest management},
url={http://dx.doi.org/10.1007/s10530-014-0733-y},
publisher={Springer International Publishing},
keywords={Boiga irregularis; Invasive species; Phylogeny; Biological control; Founder event},
author={Richmond, JonathanQ. and Wood, DustinA. and Stanford, JamesW. and Fisher, RobertN.},
pages={337-349},
language={English}
}
@article{Schiels2014,
year={2014},
issn={1387-3547},
journal={Biological Invasions},
volume={16},
number={9},
doi={10.1007/s10530-013-0636-3},
title={Trait-based plant mortality and preference for native versus non-native seedlings by invasive slug and snail herbivores in Hawaii},
url={http://dx.doi.org/10.1007/s10530-013-0636-3},
publisher={Springer International Publishing},
keywords={Achatina fulica; Enemy release hypothesis; Forest community structure; Hawaiian Islands; Veronicella cubensis; Woody seedling herbivory},
author={Shiels, AaronB. and Ennis, MartinK. and Shiels, Laura},
pages={1929-1940},
language={English}
}
@article{glen2013eradicating,
  title={Eradicating multiple invasive species on inhabited islands: the next big step in island restoration?},
  author={Glen, Alistair S and Atkinson, Rachel and Campbell, Karl J and Hagen, Erin and Holmes, Nick D and Keitt, Bradford S and Parkes, John P and Saunders, Alan and Sawyer, John and Torres, Hern{\'a}n},
  journal={Biological invasions},
  volume={15},
  number={12},
  pages={2589--2603},
  year={2013},
  publisher={Springer},
  url={http://izt.ciens.ucv.ve/ecologia/Archivos/ECO_POB%202013/ECOPO4_2013/Glen%20ycol%202013.pdf}
}
@article{catley1969coconut,
  title={The Coconut Rhinoceros Beetle Oryctes rhinoceros (L)[Coleoptera: Scarabaeidae: Dynastinae]},
  author={Catley, A},
  journal={PANS Pest Articles \& News Summaries},
  volume={15},
  number={1},
  pages={18--30},
  year={1969},
  publisher={Taylor \& Francis},
  note={needed for Keppel Island reference}
}


