@article{VanderMeer1987,
author = {{Vander Meer}, Robert K},
file = {:home/aubreymoore/.local/share/data/Mendeley Ltd./Mendeley Desktop/Downloaded/Vander Meer - 1987 - Per cent emergent weight a roadmap to adult rhinoceros beetle, Oryctes rhinoceros, behaviour.pdf:pdf},
journal = {Journal of Insect Physiology},
number = {6},
pages = {437--441},
title = {{Per cent emergent weight: a roadmap to adult rhinoceros beetle, Oryctes rhinoceros, behaviour}},
volume = {33},
year = {1987}
}
@article{VanderMeer1975,
author = {{Vander Meer}, R K and Mclean, J A},
file = {:home/aubreymoore/.local/share/data/Mendeley Ltd./Mendeley Desktop/Downloaded/Vander Meer, Mclean - 1975 - Indirect Methods of Determining the Emergent Weight of Oryctes rhinoceros (L.).pdf:pdf},
journal = {Annals of the Entomological Society of America},
number = {5},
pages = {867--868},
title = {{Indirect Methods of Determining the Emergent Weight of Oryctes rhinoceros (L.) 1}},
volume = {68},
year = {1975}
}
